@artwork{cern_data_center,
	title = {The {CERN} datacenter with World Wide Web and Mail servers.},
	rights = {Es ist erlaubt, die Datei unter den Bedingungen der {GNU}-Lizenz für freie Dokumentation, Version 1.2 oder einer späteren Version, veröffentlicht von der Free Software Foundation, zu kopieren, zu verbreiten und/oder zu modifizieren; es gibt keine unveränderlichen Abschnitte, keinen vorderen und keinen hinteren Umschlagtext. Der vollständige Text der Lizenz ist im Kapitel {GNU}-Lizenz für freie Dokumentation verfügbar.http://www.gnu.org/copyleft/fdl.{htmlGFDLGNU} Free Documentation Licensetruetrue},
	url = {https://commons.wikimedia.org/wiki/File:Cern_datacenter.jpg},
	author = {{Hugovanmeijeren}},
	urldate = {2020-01-03},
	date = {2010},
	file = {Wikimedia Snapshot:/home/leon/Zotero/storage/94C4LSGU/FileCern_datacenter.html:text/html}
}

@artwork{hvac,
	title = {{HVAC} Air Handler Unit},
	url = {https://commons.wikimedia.org/wiki/File:HVAC_Air_Handler_Unit,_pic2.JPG},
	author = {Beem, Alf van},
	urldate = {2020-01-04},
	date = {2015-01-02},
	file = {Wikimedia Snapshot:/home/leon/Zotero/storage/EAXNDWMD/FileHVAC_Air_Handler_Unit,_pic2.html:text/html}
}

@artwork{ups,
	title = {Large {UPS} being installed in a Datacenter.},
	rights = {Public domain},
	url = {https://commons.wikimedia.org/wiki/File:500kVA-UPS.jpg},
	shorttitle = {English},
	author = {{Cgxke}},
	urldate = {2020-01-04},
	date = {2008-10-22},
	file = {Wikimedia Snapshot:/home/leon/Zotero/storage/9VVJXFJ3/File500kVA-UPS.html:text/html}
}

@artwork{network_switch,
	title = {24-port 3Com switch},
	rights = {Public domain},
	url = {https://commons.wikimedia.org/wiki/File:24-port_3Com_switch.JPG},
	author = {César, Rodrigo},
	urldate = {2020-01-04},
	date = {2008-05-13},
	file = {Wikimedia Snapshot:/home/leon/Zotero/storage/SWA9RH9R/File24-port_3Com_switch.html:text/html}
}
